@CONTROL{apsrev41Control,title="0"}%,author="48",editor="1",pages="1",year="0"}