@article{WoodSpekkens,
  author={Christopher J Wood and Robert W Spekkens},
  title={The lesson of causal discovery algorithms for quantum correlations: causal explanations of Bell-inequality violations require fine-tuning},
  journal={New J. Phys.},
  volume={17},
  number={3},
  pages={033002},
  url={http://stacks.iop.org/1367-2630/17/i=3/a=033002},
  year={2015},
  doi={10.1088/1367-2630/17/3/033002}
}

@article{LSW,
   author = {Liang, Yeong-Cherng and Spekkens, Robert W. and Wiseman, Howard M.},
   title = {{Specker’s Parable of the Overprotective Seer: A Road to Contextuality, Nonlocality and Complementarity}},
   journal = {Phys. Rep.},
   volume = {506},
   number = {1–2},
   pages = {1-39},
   ISSN = {0370-1573},
   doi = {10.1016/j.physrep.2011.05.001},
   url = {http://www.sciencedirect.com/science/article/pii/S0370157311001517},
   year = {2011},
   type = {Journal Article}
}

@article{L.Hardy:PRL:1665,
  title = {{Nonlocality for Two Particles Without Inequalities for Almost All Entangled States}},
  author = {Hardy, Lucien},
  journal = {Phys. Rev. Lett.},
  volume = {71},
  issue = {11},
  pages = {1665--1668},
  numpages = {0},
  year = {1993},
  month = {Sep},
  publisher = {American Physical Society},
  doi = {10.1103/PhysRevLett.71.1665},
  url = {http://link.aps.org/doi/10.1103/PhysRevLett.71.1665}
}

@article{D.Boschi:PRL:2755,
  title = {Ladder Proof of Nonlocality without Inequalities: Theoretical and Experimental Results},
  author = {Boschi, D. and Branca, S. and De Martini, F. and Hardy, L.},
  journal = {Phys. Rev. Lett.},
  volume = {79},
  issue = {15},
  pages = {2755--2758},
  numpages = {4},
  year = {1997},
  month = {Oct},
  publisher = {American Physical Society},
  doi = {10.1103/PhysRevLett.79.2755},
  url = {http://link.aps.org/doi/10.1103/PhysRevLett.79.2755}
}

@incollection{H.Stapp:Hardy:Transitivity,
year={2009},
isbn={978-3-540-89654-8},
booktitle={Mind, Matter and Quantum Mechanics},
series={The Frontiers Collection},
doi={10.1007/978-3-540-89654-8},
title={Mind, Matter, and Quantum Mechanics},
url={http://link.springer.com/book/10.1007/978-3-540-89654-8},
publisher={Springer Berlin Heidelberg},
author={Henry P. Stapp},
pages={281-300}
}

@article{Mermin,
   author = "Mermin, N. David",
   title = "Nonlocal character of quantum theory?",
   journal = "Am. J. Phys.",
   year = "1998",
   volume = "66",
   number = "10", 
   pages = "920-924",
   url = "http://scitation.aip.org/content/aapt/journal/ajp/66/10/10.1119/1.18990",
   doi = "10.1119/1.18990" 
}

@ARTICLE{Unruh,
   author = {{Unruh}, W.~G.},
    title = "{Is Quantum Mechaincs Non-Local?}",
  journal = {quant-ph/9710032},
 keywords = {Quantum Physics},
     year = 1997,
    month = oct,
   url = {http://arxiv.org/abs/quant-ph/9710032}
}

@article{Mermin2,
   author = "Mermin, N. David",
   title = "Quantum mysteries refined",
   journal = "Am. J. Phys.",
   year = "1994",
   volume = "62",
   number = "10", 
   pages = "880-887",
   url = "http://scitation.aip.org/content/aapt/journal/ajp/62/10/10.1119/1.17733",
   doi = "10.1119/1.17733" 
}

@article{Garuccio95,
  title = {Hardy's approach, Eberhard's inequality, and supplementary assumptions},
  author = {Garuccio, Augusto},
  journal = {Phys. Rev. A},
  volume = {52},
  issue = {4},
  pages = {2535--2537},
  numpages = {3},
  year = {1995},
  month = {Oct},
  publisher = {American Physical Society},
  doi = {10.1103/PhysRevA.52.2535},
  url = {http://link.aps.org/doi/10.1103/PhysRevA.52.2535}
}

@article{Ghirardi08,
title = "Proofs of nonlocality without inequalities revisited ",
journal = "Phys. Lett. A",
volume = "372",
number = "12",
pages = "1982 - 1985",
year = "2008",
issn = "0375-9601",
doi = "10.1016/j.physleta.2007.11.012",
url = "http://www.sciencedirect.com/science/article/pii/S0375960107016039",
author = "GianCarlo Ghirardi and Luca Marinatto"
}

@article{Braun08,
  title = {Hardy's test versus the Clauser-Horne-Shimony-Holt test of quantum nonlocality: Fundamental and practical aspects},
  author = {Braun, Daniel and Choi, Mahn-Soo},
  journal = {Phys. Rev. A},
  volume = {78},
  issue = {3},
  pages = {032114},
  numpages = {11},
  year = {2008},
  month = {Sep},
  publisher = {American Physical Society},
  doi = {10.1103/PhysRevA.78.032114},
  url = {http://link.aps.org/doi/10.1103/PhysRevA.78.032114}
}

@ARTICLE{Mancinska14,
   author = {Laura Mancinska and Stephanie Wehner},
    title = {{A unified view on Hardy's paradox and the CHSH inequality}},
  journal = {arXiv:1407.2320},
 keywords = {Quantum Physics},
     year = 2014,
    month = jul,
   url = {http://arxiv.org/abs/1407.2320}
}


@article{pusey2014gdag,
  author={Joe Henson and Raymond Lal and Matthew F Pusey},
  title={Theory-independent limits on correlations from generalized Bayesian networks},
  journal={New J. Phys.},
  volume={16},
  number={11},
  pages={113043},
  url={http://stacks.iop.org/1367-2630/16/i=11/a=113043},
  DOI={10.1088/1367-2630/16/11/113043},
  year={2014}
}

@article{chaves2014novel,
  author={Rafael Chaves and Lukas Luft and David Gross},
  title={Causal structures from entropic information: geometry and novel scenarios},
  journal={New J. Phys.},
  volume={16},
  number={4},
  pages={043001},
  url={http://stacks.iop.org/1367-2630/16/i=4/a=043001},
  DOI={10.1088/1367-2630/16/4/043001},
  year={2014}
}


@article{fritz2012bell,
  author={Tobias Fritz},
  title={Beyond {B}ell's theorem: correlation scenarios},
  journal={New J. Phys.},
  volume={14},
  number={10},
  pages={103001},
  url={http://stacks.iop.org/1367-2630/14/i=10/a=103001},
  DOI={10.1088/1367-2630/14/10/103001},
  year={2012}
}

@article{chaves2012entropic,
  title = {Entropic approach to local realism and noncontextuality},
  author = {Chaves, Rafael and Fritz, Tobias},
  journal = {Phys. Rev. A},
  volume = {85},
  issue = {3},
  pages = {032113},
  numpages = {11},
  year = {2012},
  month = {Mar},
  publisher = {American Physical Society},
  doi = {10.1103/PhysRevA.85.032113},
  url = {http://link.aps.org/doi/10.1103/PhysRevA.85.032113}
}

@ARTICLE{fritz2013marginal, 
author={Fritz, T. and Chaves, R.}, 
url={http://dx.doi.org/10.1109/TIT.2012.2222863},
journal={IEEE Trans. Info. Theo.}, 
title={Entropic Inequalities and Marginal Problems}, 
year={2013}, 
month={Feb}, 
volume={59}, 
number={2}, 
pages={803-817}
doi={10.1109/TIT.2012.2222863}, 
ISSN={0018-9448}
}

@article{Chaves2015infoquantum,
  doi = {10.1038/ncomms6766},
  url = {http://dx.doi.org/10.1038/ncomms6766},
  year  = {2015},
  month = {jan},
  volume = {6},
  pages = {5766},
  author = {Rafael Chaves and Christian Majenz and David Gross},
  title = {Information{\textendash}theoretic implications of quantum causal structures},
  journal = {Nat. Comm.}
}
@article{CabelloHardyInequality,
  title = {Bell's theorem with and without inequalities for the three-qubit Greenberger-Horne-Zeilinger and     \textit{W}   states},
  author = {Cabello, Ad\'an},
  journal = {Phys. Rev. A},
  volume = {65},
  issue = {3},
  pages = {032108},
  numpages = {4},
  year = {2002},
  month = {Feb},
  publisher = {American Physical Society},
  doi = {10.1103/PhysRevA.65.032108},
  url = {http://link.aps.org/doi/10.1103/PhysRevA.65.032108}
}

@article{PROriginal,
   author = {Popescu, Sandu and Rohrlich, Daniel},
   title = {{Quantum Nonlocality as an Axiom}},
   journal = {Found. Phys.},
   volume = {24},
   number = {3},
   pages = {379-385},
   ISSN = {0015-9018},
   DOI = {10.1007/BF02058098},
   url = {http://dx.doi.org/10.1007/BF02058098},
   year = {1994},
   type = {Journal Article}
}

@article{PRUnit,
   author = {Barrett, Jonathan and Pironio, Stefano},
   title = {{Popescu-Rohrlich Correlations as a Unit of Nonlocality}},
   journal = prl,
   volume = {95},
   number = {14},
   pages = {140401},
   url = {http://link.aps.org/doi/10.1103/PhysRevLett.95.140401},
   year = {2005},
   type = {Journal Article}
}

@ARTICLE{ChavesPolynomial,
   author = {{Chaves}, Rafael},
    title = "{Polynomial Bell inequalities}",
  journal = {arXiv:1506.04325},
archivePrefix = "arXiv",
   eprint.hide = {1506.04325},
 primaryClass = "quant-ph",
 keywords = {Quantum Physics},
     year = 2015,
    month = jun,
   url = {http://arxiv.org/abs/1506.04325}
}

@ARTICLE{RossetNetworks,
   author = {{Rosset}, D. and {Branciard}, C. and {Barnea}, T.~J. and {P{\"u}tz}, G. and 
	{Brunner}, N. and {Gisin}, N.},
    title = "{Nonlinear Bell inequalities tailored for quantum networks}",
  journal = {arXiv:1506.07380},
archivePrefix = "arXiv",
   eprint.hide = {1506.07380},
 primaryClass = "quant-ph",
 keywords = {Quantum Physics},
     year = 2015,
    month = jun,
   url = {http://arxiv.org/abs/1506.07380}
}

@article{Brunner2013Bell,
   author = {Brunner, Nicolas and Cavalcanti, Daniel and Pironio, Stefano and Scarani, Valerio and Wehner, Stephanie},
   title = {{Bell nonlocality}},
  journal = rmp,
  volume = {86},
  issue = {2},
  pages = {419--478},
  numpages = {60},
  year = {2014},
  month = {Apr},
  publisher = {American Physical Society},
  doi = {10.1103/RevModPhys.86.419},
  url = {http://link.aps.org/doi/10.1103/RevModPhys.86.419}
}

@article{BellSimple,
   author = "Maccone, Lorenzo",
   title = {{A Simple Proof of Bell's Inequality}},
   journal = "American Journal of Physics",
   year = "2013",
   volume = "81",
   number = "11", 
   eid = ,
   pages = "854-859",
   url = "http://scitation.aip.org/content/aapt/journal/ajp/81/11/10.1119/1.4823600",
   doi = "10.1119/1.4823600" 
}

@article{SchumacherInequality,
  title = {Information and quantum nonseparability},
  author = {Schumacher, B. W.},
  journal = {Phys. Rev. A},
  volume = {44},
  issue = {11},
  pages = {7047--7052},
  numpages = {0},
  year = {1991},
  month = {Dec},
  publisher = {American Physical Society},
  doi = {10.1103/PhysRevA.44.7047},
  url = {http://link.aps.org/doi/10.1103/PhysRevA.44.7047}
}

@article{CHInequality,
  title = {Experimental consequences of objective local theories},
  author = {Clauser, John F. and Horne, Michael A.},
  journal = {Phys. Rev. D},
  volume = {10},
  issue = {2},
  pages = {526--535},
  numpages = {0},
  year = {1974},
  month = {Jul},
  publisher = {American Physical Society},
  doi = {10.1103/PhysRevD.10.526},
  url = {http://link.aps.org/doi/10.1103/PhysRevD.10.526}
}
@article{CHSHOriginal,
  title = {{Proposed experiment to test local hidden-variable theories}},
  author = {Clauser, John F. and Horne, Michael A. and Shimony, Abner and Holt, Richard A.},
  journal = {Phys. Rev. Lett.},
  volume = {23},
  issue = {15},
  pages = {880--884},
  numpages = {0},
  year = {1969},
  month = {Oct},
  publisher = {American Physical Society},
  doi = {10.1103/PhysRevLett.23.880},
  \\url = {http://link.aps.org/doi/10.1103/PhysRevLett.23.880}
}

@article{bell1964einstein,
  title={On the {E}instein-{P}odolsky-{R}osen paradox},
  author={Bell, John S},
  journal={Physics},
  volume={1},
  number={3},
  pages={195--200},
  year={1964},
  publisher={World Scientific},
  url={http://cds.cern.ch/record/111654/files/}
}

@article{bell1966lhvm,
  title = {{On the Problem of Hidden Variables in Quantum Mechanics}},
  author = {Bell, John S.},
  journal = {Rev. Mod. Phys.},
  volume = {38},
  issue = {3},
  pages = {447--452},
  numpages = {0},
  year = {1966},
  month = {Jul},
  publisher = {American Physical Society},
  doi = {10.1103/RevModPhys.38.447},
  url = {http://link.aps.org/doi/10.1103/RevModPhys.38.447}
}



@article{BilocalCorrelations,
  title = {Bilocal versus nonbilocal correlations in entanglement-swapping experiments},
  author = {Branciard, Cyril and Rosset, Denis and Gisin, Nicolas and Pironio, Stefano},
  journal = {Phys. Rev. A},
  volume = {85},
  issue = {3},
  pages = {032119},
  numpages = {21},
  year = {2012},
  month = {Mar},
  publisher = {American Physical Society},
  doi = {10.1103/PhysRevA.85.032119},
  url = {http://link.aps.org/doi/10.1103/PhysRevA.85.032119}
}

@ARTICLE{BeyondBellII,
   author = {{Fritz}, T.},
    title = "{Beyond Bell's Theorem II: Scenarios with arbitrary causal structure}",
  journal = {arXiv:1404.4812},
archivePrefix = "arXiv",
   eprint.hide = {1404.4812},
 primaryClass = "quant-ph",
 keywords = {Quantum Physics, Statistics - Machine Learning},
     year = 2014,
    month = apr,
   url = {http://arxiv.org/abs/1404.4812}
}

@ARTICLE{steudel2010ancestors,
   author = {Steudel, Bastian and Ay, Nihat},
    title = {Information-theoretic inference of common ancestors},
  journal = {arXiv:1010.5720},
 keywords = {Computer Science - Information Theory},
    year = 2010,
    month = oct,
    url = {http://arxiv.org/abs/1010.5720}
}


@book{pearl2009causality,
  title={{Causality: Models, Reasoning, and Inference}},
  author={Pearl, Judea},
  isbn={9780511803161},
  url={http://ebooks.cambridge.org/ebook.jsf?bid=CBO9780511803161},
  year={2009},
  publisher={Cambridge University Press},
  DOI={10.1017/CBO9780511803161}
}

@book{spirtes2011causation,
  title={Causation, Prediction, and Search},
  author={Spirtes, Peter and Glymour, Clark and Scheines, Richard},
  isbn={9781461276500},
  series={Lecture Notes in Statistics},
  url={http://books.google.com/books?id=ptRZMQEACAAJ},
  year={2011},
  publisher={Springer New York},
  DOI = {10.1007/978-1-4612-2748-9}
}

@article{Lauritzen1990independence,
author = {Lauritzen, Steffen~L. and Dawid, Alexander Philip and Larsen, B.~N. and Leimer, H.~G.},
title = {Independence properties of directed markov fields},
journal = {Networks},
volume = {20},
number = {5},
publisher = {Wiley Subscription Services, Inc., A Wiley Company},
issn = {1097-0037},
url = {http://dx.doi.org/10.1002/net.3230200503},
doi = {10.1002/net.3230200503},
pages = {491--505},
year = {1990}
}

@Book{lauritzen1996graphical,
author = {Lauritzen, Steffen},
title = {Graphical models}, 
publisher = {Clarendon Press Oxford University Press}, 
year = {1996}, 
address = {Oxford New York}, 
isbn = {0198522193},
url = {http://books.google.ca/books?id=mGQWkx4guhAC}
}

@book{studeny2005probabilistic,
  title={Probabilistic Conditional Independence Structures},
  author={Studený, Milan},
  year={2005},
  publisher={Springer London},
  isbn={9781852338916},
  DOI = {10.1007/b138557},
  series ={Information Science and Statistics}
}

@book{yeung2008information,
  doi = {10.1007/978-0-387-79234-7},
  url = {http://dx.doi.org/10.1007/978-0-387-79234-7},
  year  = {2008},
  publisher = {Springer {US}},
  title = {Information Theory and Network Coding},
  author = {Raymond W. Yeung},
  isbn= {9780387792347},
  series = {Information Technology Transmission Processing and Storage}
}

@ARTICLE{wolfe2015nonconvexity,
   author = {{Donohue}, J.~M. and {Wolfe}, E.},
    title = "{Identifying Nonconvexity in the Sets of Limited-Dimension Quantum Correlations}",
  journal = {arXiv:1506.01119},
archivePrefix = "arXiv",
   eprint.hide = {1506.01119},
 primaryClass = "quant-ph",
 keywords = {Quantum Physics},
     year = 2015,
    month = jun,
   url = {http://arxiv.org/abs/1506.01119}
}



@inproceedings{evans2012graphical,
  title={Graphical methods for inequality constraints in marginalized DAGs},
  author={Evans, Robin J},
  booktitle={2012 IEEE International Workshop on Machine Learning for Signal Processing (MLSP)},
  pages={1--6},
  year={2012},
  organization={IEEE},
  doi={10.1109/MLSP.2012.6349796}, 
  ISSN={1551-2541}, 
}

@inproceedings{steeg2011relaxation,
  author    = {Greg Ver Steeg and Aram Galstyan},
  title     = {A Sequence of Relaxations Constraining Hidden Variable Models},
  booktitle = {Proceedings of the 27th Conference on Uncertainty in Artificial Intelligence},
  organization   = {AUAI},
  pages    = {717--726},
  year      = {2011},
  url       = {http://arxiv.org/abs/1106.1636},
  timestamp = {Mon, 05 Dec 2011 18:05:01 +0100},
  biburl    = {http://dblp.uni-trier.de/rec/bib/journals/corr/abs-1106-1636},
  bibsource = {dblp computer science bibliography, http://dblp.org},
  url = {http://arxiv.org/abs/1106.1636},
  isbn = {978-0-9749039-7-2}
}

@inproceedings{kang2007polynomialconstraints,
  author    = {Changsung Kang and Jin Tian},
  title     = {Polynomial Constraints in Causal Bayesian Networks},
  booktitle = {Proceedings of the 23rd Conference on Uncertainty in Artificial Intelligence},
  pages     = {200--208},
  organization   = {AUAI},
  year      = {2007},
  crossref  = {DBLP:conf/uai/2007},
  url       = {http://arxiv.org/abs/1206.5275},
  timestamp = {Wed, 06 May 2015 15:02:54 +0200},
  biburl    = {http://dblp.uni-trier.de/rec/bib/conf/uai/KangT07},
  bibsource = {dblp computer science bibliography, http://dblp.org}
}

@inproceedings{chaves2014informationinference,
   author = {{Chaves}, R. and {Luft}, L. and {Maciel}, T.~O. and {Gross}, D. and 
	{Janzing}, D. and {Sch{\"o}lkopf}, B.},
    title = "{Inferring latent structures via information inequalities}",
  journal = {arXiv:1407.2256},
archivePrefix = "arXiv",
   eprint.hide = {1407.2256},
 primaryClass = "stat.ML",
 keywords = {Statistics - Machine Learning, Quantum Physics},
     year = 2014,
    month = jul,
   url = {http://arxiv.org/abs/1407.2256},
    booktitle = {Proceedings of the 30th Conference on Uncertainty in Artificial Intelligence},
  pages     = {112--121},
  organization   = {AUAI},
  year      = {2014}
}

@ARTICLE{lee2015causalinference,
   author = {{Lee}, C.~M. and {Spekkens}, R.~W.},
    title = "{Causal inference via algebraic geometry: necessary and sufficient conditions for the feasibility of discrete causal models}",
  journal = {arXiv:1506.03880},
archivePrefix = "arXiv",
   eprint.hide = {1506.03880},
 primaryClass = "stat.ML",
 keywords = {Statistics - Machine Learning, Quantum Physics},
     year = 2015,
    month = jun,
   url = {http://arxiv.org/abs/1506.03880}
}

@Book{koller2009probabilistic,
 author = {Koller, Daphne},
 title = {Probabilistic Graphical Models : Principles and Techniques},
 publisher = {MIT Press},
 year = {2009},
 address = {Cambridge, MA},
 isbn = {9780262013192},
 url = {http://books.google.com/books?id=7dzpHCHzNQ4C}
 }
 
 
@article{FineTheorem,
  title = {Hidden Variables, Joint Probability, and the {B}ell Inequalities},
  author = {Fine, Arthur},
  journal = {Phys. Rev. Lett.},
  volume = {48},
  issue = {5},
  pages = {291--295},
  numpages = {5},
  year = {1982},
  month = {Feb},
  publisher = {American Physical Society},
  doi = {10.1103/PhysRevLett.48.291},
  url = {http://link.aps.org/doi/10.1103/PhysRevLett.48.291}
}

@article{GisinFramework2012,
   author = { Bancal, Jean-Daniel and Branciard, Cyril and Brunner, Nicolas and Gisin, Nicolas and Liang, Yeong-Cherng},
   title = {{A framework for the study of symmetric full-correlation {B}ell-like inequalities}},
   journal = {J. Phys. A},
   volume = {45},
   number = {12},
   pages = {125301},
   ISSN = {1751-8121},
   url = {http://stacks.iop.org/1751-8121/45/i=12/a=125301},
   year = {2012},
   type = {Journal Article}
}

@article{SpekkensDeterminism,
year={2014},
issn={0015-9018},
journal={Found. Phys.},
volume={44},
number={11},
doi={10.1007/s10701-014-9833-x},
title={The Status of Determinism in Proofs of the Impossibility of a Noncontextual Model of Quantum Theory},
\\url={http://dx.doi.org/10.1007/s10701-014-9833-x},
publisher={Springer US},
keywords={Quantum contextuality; Kochen–Specker theorem; Quantum foundations; Positive operator valued measures; Quantum measurement theory},
author={Spekkens, RobertW.},
pages={1125-1155},
\\language={English}
}

@article{scarani2012device,
  title={{The device-independent outlook on quantum physics}},
  author={Scarani, Valerio},
  journal={Acta Physica Slovaca},
  volume={62},
  number={4},
  pages={347},
  year={2012},
  publisher={SLOVAK ACAD SCIENCES INST PHYSICS DUBRAVSKA CESTA 9, 842 28 BRATISLAVA, SLOVAKIA},
  url={http://www.physics.sk/aps/pub.php?y=2012&pub=aps-12-04},
  doi={10.2478/v10155-012-0003-4 }
}